[
  {
    "id": "CR-2024-W04",
    "rationingPeriod": "Week 4 - January 2024",
    "periodStartDate": "2024-01-22T00:00:00Z",
    "periodEndDate": "2024-01-28T23:59:59Z",
    "fiscalYear": 2024,
    "quarter": "Q1",
    "totalRevenue": 8450000.0,
    "totalCashAvailable": 45678900.0,
    "totalDemand": 15650000.0,
    "totalAllocated": 12450000.0,
    "allocationPercentage": 79.6,
    "status": "Approved",
    "rationingReason": "Revenue shortfall - prioritizing critical services",
    "ministryAllocations": [
      {
        "ministry": "Ministry of Health",
        "demand": 3500000.0,
        "allocated": 3500000.0,
        "percentage": 100.0,
        "priority": "Critical"
      },
      {
        "ministry": "Ministry of Education",
        "demand": 2800000.0,
        "allocated": 2800000.0,
        "percentage": 100.0,
        "priority": "Critical"
      },
      {
        "ministry": "Ministry of Infrastructure",
        "demand": 4200000.0,
        "allocated": 2950000.0,
        "percentage": 70.2,
        "priority": "High"
      },
      {
        "ministry": "Ministry of Agriculture",
        "demand": 2650000.0,
        "allocated": 1850000.0,
        "percentage": 69.8,
        "priority": "High"
      },
      {
        "ministry": "Ministry of Finance",
        "demand": 1500000.0,
        "allocated": 850000.0,
        "percentage": 56.7,
        "priority": "Medium"
      },
      {
        "ministry": "Ministry of Technology",
        "demand": 1000000.0,
        "allocated": 500000.0,
        "percentage": 50.0,
        "priority": "Medium"
      }
    ],
    "preparedBy": "Budget Director - Moses Chanda",
    "approvedBy": "Secretary to the Treasury - James Mtonga",
    "approvalDate": "2024-01-21T15:00:00Z",
    "notes": "Infrastructure projects delayed due to cash constraints"
  },
  {
    "id": "CR-2024-W03",
    "rationingPeriod": "Week 3 - January 2024",
    "periodStartDate": "2024-01-15T00:00:00Z",
    "periodEndDate": "2024-01-21T23:59:59Z",
    "fiscalYear": 2024,
    "quarter": "Q1",
    "totalRevenue": 9250000.0,
    "totalCashAvailable": 42350000.0,
    "totalDemand": 14200000.0,
    "totalAllocated": 13450000.0,
    "allocationPercentage": 94.7,
    "status": "Completed",
    "rationingReason": "Normal weekly allocation",
    "ministryAllocations": [
      {
        "ministry": "Ministry of Health",
        "demand": 3200000.0,
        "allocated": 3200000.0,
        "percentage": 100.0,
        "priority": "Critical"
      },
      {
        "ministry": "Ministry of Education",
        "demand": 2600000.0,
        "allocated": 2600000.0,
        "percentage": 100.0,
        "priority": "Critical"
      },
      {
        "ministry": "Ministry of Infrastructure",
        "demand": 3800000.0,
        "allocated": 3500000.0,
        "percentage": 92.1,
        "priority": "High"
      },
      {
        "ministry": "Ministry of Agriculture",
        "demand": 2400000.0,
        "allocated": 2200000.0,
        "percentage": 91.7,
        "priority": "High"
      },
      {
        "ministry": "Ministry of Finance",
        "demand": 1200000.0,
        "allocated": 1100000.0,
        "percentage": 91.7,
        "priority": "Medium"
      },
      {
        "ministry": "Ministry of Local Government",
        "demand": 1000000.0,
        "allocated": 850000.0,
        "percentage": 85.0,
        "priority": "Medium"
      }
    ],
    "preparedBy": "Budget Director - Moses Chanda",
    "approvedBy": "Secretary to the Treasury - James Mtonga",
    "approvalDate": "2024-01-14T16:00:00Z",
    "notes": "Smooth allocation with minor adjustments"
  },
  {
    "id": "CR-2024-W02",
    "rationingPeriod": "Week 2 - January 2024",
    "periodStartDate": "2024-01-08T00:00:00Z",
    "periodEndDate": "2024-01-14T23:59:59Z",
    "fiscalYear": 2024,
    "quarter": "Q1",
    "totalRevenue": 7850000.0,
    "totalCashAvailable": 38900000.0,
    "totalDemand": 16800000.0,
    "totalAllocated": 11250000.0,
    "allocationPercentage": 67.0,
    "status": "Completed",
    "rationingReason": "Low revenue collection - strict rationing applied",
    "ministryAllocations": [
      {
        "ministry": "Ministry of Health",
        "demand": 4000000.0,
        "allocated": 3200000.0,
        "percentage": 80.0,
        "priority": "Critical"
      },
      {
        "ministry": "Ministry of Education",
        "demand": 3500000.0,
        "allocated": 2800000.0,
        "percentage": 80.0,
        "priority": "Critical"
      },
      {
        "ministry": "Ministry of Infrastructure",
        "demand": 4500000.0,
        "allocated": 2700000.0,
        "percentage": 60.0,
        "priority": "High"
      },
      {
        "ministry": "Ministry of Agriculture",
        "demand": 2800000.0,
        "allocated": 1550000.0,
        "percentage": 55.4,
        "priority": "High"
      },
      {
        "ministry": "Ministry of Finance",
        "demand": 1200000.0,
        "allocated": 600000.0,
        "percentage": 50.0,
        "priority": "Medium"
      },
      {
        "ministry": "Ministry of Technology",
        "demand": 800000.0,
        "allocated": 400000.0,
        "percentage": 50.0,
        "priority": "Low"
      }
    ],
    "preparedBy": "Budget Director - Moses Chanda",
    "approvedBy": "Secretary to the Treasury - James Mtonga",
    "approvalDate": "2024-01-07T14:30:00Z",
    "notes": "Several non-critical projects postponed"
  },
  {
    "id": "CR-2024-W01",
    "rationingPeriod": "Week 1 - January 2024",
    "periodStartDate": "2024-01-01T00:00:00Z",
    "periodEndDate": "2024-01-07T23:59:59Z",
    "fiscalYear": 2024,
    "quarter": "Q1",
    "totalRevenue": 6500000.0,
    "totalCashAvailable": 35600000.0,
    "totalDemand": 12500000.0,
    "totalAllocated": 11850000.0,
    "allocationPercentage": 94.8,
    "status": "Completed",
    "rationingReason": "Start of year - conservative allocation",
    "ministryAllocations": [
      {
        "ministry": "Ministry of Health",
        "demand": 2800000.0,
        "allocated": 2800000.0,
        "percentage": 100.0,
        "priority": "Critical"
      },
      {
        "ministry": "Ministry of Education",
        "demand": 2500000.0,
        "allocated": 2500000.0,
        "percentage": 100.0,
        "priority": "Critical"
      },
      {
        "ministry": "Ministry of Infrastructure",
        "demand": 3200000.0,
        "allocated": 2950000.0,
        "percentage": 92.2,
        "priority": "High"
      },
      {
        "ministry": "Ministry of Agriculture",
        "demand": 2000000.0,
        "allocated": 1850000.0,
        "percentage": 92.5,
        "priority": "High"
      },
      {
        "ministry": "Ministry of Finance",
        "demand": 1000000.0,
        "allocated": 900000.0,
        "percentage": 90.0,
        "priority": "Medium"
      },
      {
        "ministry": "Ministry of Local Government",
        "demand": 1000000.0,
        "allocated": 850000.0,
        "percentage": 85.0,
        "priority": "Medium"
      }
    ],
    "preparedBy": "Budget Director - Moses Chanda",
    "approvedBy": "Secretary to the Treasury - James Mtonga",
    "approvalDate": "2023-12-28T10:00:00Z",
    "notes": "New fiscal year allocation based on projected revenues"
  },
  {
    "id": "CR-2024-W05",
    "rationingPeriod": "Week 5 - January 2024",
    "periodStartDate": "2024-01-29T00:00:00Z",
    "periodEndDate": "2024-02-04T23:59:59Z",
    "fiscalYear": 2024,
    "quarter": "Q1",
    "totalRevenue": 10200000.0,
    "totalCashAvailable": 48950000.0,
    "totalDemand": 17850000.0,
    "totalAllocated": 15600000.0,
    "allocationPercentage": 87.4,
    "status": "Pending Approval",
    "rationingReason": "Month-end allocation - improved revenue collection",
    "ministryAllocations": [
      {
        "ministry": "Ministry of Health",
        "demand": 4200000.0,
        "allocated": 4200000.0,
        "percentage": 100.0,
        "priority": "Critical"
      },
      {
        "ministry": "Ministry of Education",
        "demand": 3800000.0,
        "allocated": 3800000.0,
        "percentage": 100.0,
        "priority": "Critical"
      },
      {
        "ministry": "Ministry of Infrastructure",
        "demand": 5000000.0,
        "allocated": 4000000.0,
        "percentage": 80.0,
        "priority": "High"
      },
      {
        "ministry": "Ministry of Agriculture",
        "demand": 2850000.0,
        "allocated": 2000000.0,
        "percentage": 70.2,
        "priority": "High"
      },
      {
        "ministry": "Ministry of Finance",
        "demand": 1200000.0,
        "allocated": 900000.0,
        "percentage": 75.0,
        "priority": "Medium"
      },
      {
        "ministry": "Ministry of Technology",
        "demand": 800000.0,
        "allocated": 700000.0,
        "percentage": 87.5,
        "priority": "Medium"
      }
    ],
    "preparedBy": "Budget Director - Moses Chanda",
    "approvedBy": null,
    "approvalDate": null,
    "notes": "Improved revenue allows increased allocations"
  },
  {
    "id": 6,
    "rationingPeriod": "Week 5 - January 2024",
    "periodStartDate": "2023-06-29T00:00:00",
    "periodEndDate": "2024-06-02T00:00:00",
    "fiscalYear": 2024,
    "quarter": "Q1",
    "totalRevenue": 10200000.0,
    "totalCashAvailable": 48950000.0,
    "totalDemand": 17850000.0,
    "totalAllocated": 15600000.0,
    "allocationPercentage": 87.4,
    "status": "Released",
    "rationingReason": "Month-end allocation - improved revenue collection",
    "ministryAllocations": [
      {
        "ministry": "Ministry of Health",
        "demand": 4200000.0,
        "allocated": 4200000.0,
        "percentage": 100.0,
        "priority": "Critical"
      },
      {
        "ministry": "Ministry of Education",
        "demand": 3800000.0,
        "allocated": 3800000.0,
        "percentage": 100.0,
        "priority": "Critical"
      },
      {
        "ministry": "Ministry of Infrastructure",
        "demand": 5000000.0,
        "allocated": 4000000.0,
        "percentage": 80.0,
        "priority": "High"
      },
      {
        "ministry": "Ministry of Agriculture",
        "demand": 2850000.0,
        "allocated": 2000000.0,
        "percentage": 70.2,
        "priority": "High"
      },
      {
        "ministry": "Ministry of Finance",
        "demand": 1200000.0,
        "allocated": 900000.0,
        "percentage": 75.0,
        "priority": "Medium"
      },
      {
        "ministry": "Ministry of Technology",
        "demand": 800000.0,
        "allocated": 700000.0,
        "percentage": 87.5,
        "priority": "Medium"
      }
    ],
    "preparedBy": "Budget Director - Moses Chanda",
    "approvedBy": null,
    "approvalDate": null,
    "notes": "Improved revenue allows increased allocations"
  },
  {
    "id": 7,
    "rationingPeriod": "Week 5 - January 2024",
    "periodStartDate": "2023-12-20T00:00:00",
    "periodEndDate": "2023-07-10T00:00:00",
    "fiscalYear": 2024,
    "quarter": "Q1",
    "totalRevenue": 10200000.0,
    "totalCashAvailable": 48950000.0,
    "totalDemand": 17850000.0,
    "totalAllocated": 15600000.0,
    "allocationPercentage": 87.4,
    "status": "Completed",
    "rationingReason": "Month-end allocation - improved revenue collection",
    "ministryAllocations": [
      {
        "ministry": "Ministry of Health",
        "demand": 4200000.0,
        "allocated": 4200000.0,
        "percentage": 100.0,
        "priority": "Critical"
      },
      {
        "ministry": "Ministry of Education",
        "demand": 3800000.0,
        "allocated": 3800000.0,
        "percentage": 100.0,
        "priority": "Critical"
      },
      {
        "ministry": "Ministry of Infrastructure",
        "demand": 5000000.0,
        "allocated": 4000000.0,
        "percentage": 80.0,
        "priority": "High"
      },
      {
        "ministry": "Ministry of Agriculture",
        "demand": 2850000.0,
        "allocated": 2000000.0,
        "percentage": 70.2,
        "priority": "High"
      },
      {
        "ministry": "Ministry of Finance",
        "demand": 1200000.0,
        "allocated": 900000.0,
        "percentage": 75.0,
        "priority": "Medium"
      },
      {
        "ministry": "Ministry of Technology",
        "demand": 800000.0,
        "allocated": 700000.0,
        "percentage": 87.5,
        "priority": "Medium"
      }
    ],
    "preparedBy": "Budget Director - Moses Chanda",
    "approvedBy": null,
    "approvalDate": null,
    "notes": "Improved revenue allows increased allocations"
  },
  {
    "id": 8,
    "rationingPeriod": "Week 5 - January 2024",
    "periodStartDate": "2023-11-07T00:00:00",
    "periodEndDate": "2024-01-17T00:00:00",
    "fiscalYear": 2024,
    "quarter": "Q1",
    "totalRevenue": 10200000.0,
    "totalCashAvailable": 48950000.0,
    "totalDemand": 17850000.0,
    "totalAllocated": 15600000.0,
    "allocationPercentage": 87.4,
    "status": "Active",
    "rationingReason": "Month-end allocation - improved revenue collection",
    "ministryAllocations": [
      {
        "ministry": "Ministry of Health",
        "demand": 4200000.0,
        "allocated": 4200000.0,
        "percentage": 100.0,
        "priority": "Critical"
      },
      {
        "ministry": "Ministry of Education",
        "demand": 3800000.0,
        "allocated": 3800000.0,
        "percentage": 100.0,
        "priority": "Critical"
      },
      {
        "ministry": "Ministry of Infrastructure",
        "demand": 5000000.0,
        "allocated": 4000000.0,
        "percentage": 80.0,
        "priority": "High"
      },
      {
        "ministry": "Ministry of Agriculture",
        "demand": 2850000.0,
        "allocated": 2000000.0,
        "percentage": 70.2,
        "priority": "High"
      },
      {
        "ministry": "Ministry of Finance",
        "demand": 1200000.0,
        "allocated": 900000.0,
        "percentage": 75.0,
        "priority": "Medium"
      },
      {
        "ministry": "Ministry of Technology",
        "demand": 800000.0,
        "allocated": 700000.0,
        "percentage": 87.5,
        "priority": "Medium"
      }
    ],
    "preparedBy": "Budget Director - Moses Chanda",
    "approvedBy": null,
    "approvalDate": null,
    "notes": "Improved revenue allows increased allocations"
  },
  {
    "id": 9,
    "rationingPeriod": "Week 5 - January 2024",
    "periodStartDate": "2023-10-11T00:00:00",
    "periodEndDate": "2024-03-03T00:00:00",
    "fiscalYear": 2024,
    "quarter": "Q1",
    "totalRevenue": 10200000.0,
    "totalCashAvailable": 48950000.0,
    "totalDemand": 17850000.0,
    "totalAllocated": 15600000.0,
    "allocationPercentage": 87.4,
    "status": "Cancelled",
    "rationingReason": "Month-end allocation - improved revenue collection",
    "ministryAllocations": [
      {
        "ministry": "Ministry of Health",
        "demand": 4200000.0,
        "allocated": 4200000.0,
        "percentage": 100.0,
        "priority": "Critical"
      },
      {
        "ministry": "Ministry of Education",
        "demand": 3800000.0,
        "allocated": 3800000.0,
        "percentage": 100.0,
        "priority": "Critical"
      },
      {
        "ministry": "Ministry of Infrastructure",
        "demand": 5000000.0,
        "allocated": 4000000.0,
        "percentage": 80.0,
        "priority": "High"
      },
      {
        "ministry": "Ministry of Agriculture",
        "demand": 2850000.0,
        "allocated": 2000000.0,
        "percentage": 70.2,
        "priority": "High"
      },
      {
        "ministry": "Ministry of Finance",
        "demand": 1200000.0,
        "allocated": 900000.0,
        "percentage": 75.0,
        "priority": "Medium"
      },
      {
        "ministry": "Ministry of Technology",
        "demand": 800000.0,
        "allocated": 700000.0,
        "percentage": 87.5,
        "priority": "Medium"
      }
    ],
    "preparedBy": "Budget Director - Moses Chanda",
    "approvedBy": null,
    "approvalDate": null,
    "notes": "Improved revenue allows increased allocations"
  },
  {
    "id": 10,
    "rationingPeriod": "Week 5 - January 2024",
    "periodStartDate": "2023-05-21T00:00:00",
    "periodEndDate": "2023-11-09T00:00:00",
    "fiscalYear": 2024,
    "quarter": "Q1",
    "totalRevenue": 10200000.0,
    "totalCashAvailable": 48950000.0,
    "totalDemand": 17850000.0,
    "totalAllocated": 15600000.0,
    "allocationPercentage": 87.4,
    "status": "Posted",
    "rationingReason": "Month-end allocation - improved revenue collection",
    "ministryAllocations": [
      {
        "ministry": "Ministry of Health",
        "demand": 4200000.0,
        "allocated": 4200000.0,
        "percentage": 100.0,
        "priority": "Critical"
      },
      {
        "ministry": "Ministry of Education",
        "demand": 3800000.0,
        "allocated": 3800000.0,
        "percentage": 100.0,
        "priority": "Critical"
      },
      {
        "ministry": "Ministry of Infrastructure",
        "demand": 5000000.0,
        "allocated": 4000000.0,
        "percentage": 80.0,
        "priority": "High"
      },
      {
        "ministry": "Ministry of Agriculture",
        "demand": 2850000.0,
        "allocated": 2000000.0,
        "percentage": 70.2,
        "priority": "High"
      },
      {
        "ministry": "Ministry of Finance",
        "demand": 1200000.0,
        "allocated": 900000.0,
        "percentage": 75.0,
        "priority": "Medium"
      },
      {
        "ministry": "Ministry of Technology",
        "demand": 800000.0,
        "allocated": 700000.0,
        "percentage": 87.5,
        "priority": "Medium"
      }
    ],
    "preparedBy": "Budget Director - Moses Chanda",
    "approvedBy": null,
    "approvalDate": null,
    "notes": "Improved revenue allows increased allocations"
  },
  {
    "id": 11,
    "rationingPeriod": "Week 5 - January 2024",
    "periodStartDate": "2024-07-28T00:00:00",
    "periodEndDate": "2023-09-24T00:00:00",
    "fiscalYear": 2024,
    "quarter": "Q1",
    "totalRevenue": 10200000.0,
    "totalCashAvailable": 48950000.0,
    "totalDemand": 17850000.0,
    "totalAllocated": 15600000.0,
    "allocationPercentage": 87.4,
    "status": "Released",
    "rationingReason": "Month-end allocation - improved revenue collection",
    "ministryAllocations": [
      {
        "ministry": "Ministry of Health",
        "demand": 4200000.0,
        "allocated": 4200000.0,
        "percentage": 100.0,
        "priority": "Critical"
      },
      {
        "ministry": "Ministry of Education",
        "demand": 3800000.0,
        "allocated": 3800000.0,
        "percentage": 100.0,
        "priority": "Critical"
      },
      {
        "ministry": "Ministry of Infrastructure",
        "demand": 5000000.0,
        "allocated": 4000000.0,
        "percentage": 80.0,
        "priority": "High"
      },
      {
        "ministry": "Ministry of Agriculture",
        "demand": 2850000.0,
        "allocated": 2000000.0,
        "percentage": 70.2,
        "priority": "High"
      },
      {
        "ministry": "Ministry of Finance",
        "demand": 1200000.0,
        "allocated": 900000.0,
        "percentage": 75.0,
        "priority": "Medium"
      },
      {
        "ministry": "Ministry of Technology",
        "demand": 800000.0,
        "allocated": 700000.0,
        "percentage": 87.5,
        "priority": "Medium"
      }
    ],
    "preparedBy": "Budget Director - Moses Chanda",
    "approvedBy": null,
    "approvalDate": null,
    "notes": "Improved revenue allows increased allocations"
  },
  {
    "id": 12,
    "rationingPeriod": "Week 5 - January 2024",
    "periodStartDate": "2023-09-10T00:00:00",
    "periodEndDate": "2023-08-19T00:00:00",
    "fiscalYear": 2024,
    "quarter": "Q1",
    "totalRevenue": 10200000.0,
    "totalCashAvailable": 48950000.0,
    "totalDemand": 17850000.0,
    "totalAllocated": 15600000.0,
    "allocationPercentage": 87.4,
    "status": "Pending",
    "rationingReason": "Month-end allocation - improved revenue collection",
    "ministryAllocations": [
      {
        "ministry": "Ministry of Health",
        "demand": 4200000.0,
        "allocated": 4200000.0,
        "percentage": 100.0,
        "priority": "Critical"
      },
      {
        "ministry": "Ministry of Education",
        "demand": 3800000.0,
        "allocated": 3800000.0,
        "percentage": 100.0,
        "priority": "Critical"
      },
      {
        "ministry": "Ministry of Infrastructure",
        "demand": 5000000.0,
        "allocated": 4000000.0,
        "percentage": 80.0,
        "priority": "High"
      },
      {
        "ministry": "Ministry of Agriculture",
        "demand": 2850000.0,
        "allocated": 2000000.0,
        "percentage": 70.2,
        "priority": "High"
      },
      {
        "ministry": "Ministry of Finance",
        "demand": 1200000.0,
        "allocated": 900000.0,
        "percentage": 75.0,
        "priority": "Medium"
      },
      {
        "ministry": "Ministry of Technology",
        "demand": 800000.0,
        "allocated": 700000.0,
        "percentage": 87.5,
        "priority": "Medium"
      }
    ],
    "preparedBy": "Budget Director - Moses Chanda",
    "approvedBy": null,
    "approvalDate": null,
    "notes": "Improved revenue allows increased allocations"
  },
  {
    "id": 13,
    "rationingPeriod": "Week 5 - January 2024",
    "periodStartDate": "2023-07-25T00:00:00",
    "periodEndDate": "2023-12-31T00:00:00",
    "fiscalYear": 2024,
    "quarter": "Q1",
    "totalRevenue": 10200000.0,
    "totalCashAvailable": 48950000.0,
    "totalDemand": 17850000.0,
    "totalAllocated": 15600000.0,
    "allocationPercentage": 87.4,
    "status": "Pending",
    "rationingReason": "Month-end allocation - improved revenue collection",
    "ministryAllocations": [
      {
        "ministry": "Ministry of Health",
        "demand": 4200000.0,
        "allocated": 4200000.0,
        "percentage": 100.0,
        "priority": "Critical"
      },
      {
        "ministry": "Ministry of Education",
        "demand": 3800000.0,
        "allocated": 3800000.0,
        "percentage": 100.0,
        "priority": "Critical"
      },
      {
        "ministry": "Ministry of Infrastructure",
        "demand": 5000000.0,
        "allocated": 4000000.0,
        "percentage": 80.0,
        "priority": "High"
      },
      {
        "ministry": "Ministry of Agriculture",
        "demand": 2850000.0,
        "allocated": 2000000.0,
        "percentage": 70.2,
        "priority": "High"
      },
      {
        "ministry": "Ministry of Finance",
        "demand": 1200000.0,
        "allocated": 900000.0,
        "percentage": 75.0,
        "priority": "Medium"
      },
      {
        "ministry": "Ministry of Technology",
        "demand": 800000.0,
        "allocated": 700000.0,
        "percentage": 87.5,
        "priority": "Medium"
      }
    ],
    "preparedBy": "Budget Director - Moses Chanda",
    "approvedBy": null,
    "approvalDate": null,
    "notes": "Improved revenue allows increased allocations"
  },
  {
    "id": 14,
    "rationingPeriod": "Week 5 - January 2024",
    "periodStartDate": "2023-11-30T00:00:00",
    "periodEndDate": "2023-01-03T00:00:00",
    "fiscalYear": 2024,
    "quarter": "Q1",
    "totalRevenue": 10200000.0,
    "totalCashAvailable": 48950000.0,
    "totalDemand": 17850000.0,
    "totalAllocated": 15600000.0,
    "allocationPercentage": 87.4,
    "status": "Approved",
    "rationingReason": "Month-end allocation - improved revenue collection",
    "ministryAllocations": [
      {
        "ministry": "Ministry of Health",
        "demand": 4200000.0,
        "allocated": 4200000.0,
        "percentage": 100.0,
        "priority": "Critical"
      },
      {
        "ministry": "Ministry of Education",
        "demand": 3800000.0,
        "allocated": 3800000.0,
        "percentage": 100.0,
        "priority": "Critical"
      },
      {
        "ministry": "Ministry of Infrastructure",
        "demand": 5000000.0,
        "allocated": 4000000.0,
        "percentage": 80.0,
        "priority": "High"
      },
      {
        "ministry": "Ministry of Agriculture",
        "demand": 2850000.0,
        "allocated": 2000000.0,
        "percentage": 70.2,
        "priority": "High"
      },
      {
        "ministry": "Ministry of Finance",
        "demand": 1200000.0,
        "allocated": 900000.0,
        "percentage": 75.0,
        "priority": "Medium"
      },
      {
        "ministry": "Ministry of Technology",
        "demand": 800000.0,
        "allocated": 700000.0,
        "percentage": 87.5,
        "priority": "Medium"
      }
    ],
    "preparedBy": "Budget Director - Moses Chanda",
    "approvedBy": null,
    "approvalDate": null,
    "notes": "Improved revenue allows increased allocations"
  },
  {
    "id": 15,
    "rationingPeriod": "Week 5 - January 2024",
    "periodStartDate": "2023-02-25T00:00:00",
    "periodEndDate": "2024-07-19T00:00:00",
    "fiscalYear": 2024,
    "quarter": "Q1",
    "totalRevenue": 10200000.0,
    "totalCashAvailable": 48950000.0,
    "totalDemand": 17850000.0,
    "totalAllocated": 15600000.0,
    "allocationPercentage": 87.4,
    "status": "Active",
    "rationingReason": "Month-end allocation - improved revenue collection",
    "ministryAllocations": [
      {
        "ministry": "Ministry of Health",
        "demand": 4200000.0,
        "allocated": 4200000.0,
        "percentage": 100.0,
        "priority": "Critical"
      },
      {
        "ministry": "Ministry of Education",
        "demand": 3800000.0,
        "allocated": 3800000.0,
        "percentage": 100.0,
        "priority": "Critical"
      },
      {
        "ministry": "Ministry of Infrastructure",
        "demand": 5000000.0,
        "allocated": 4000000.0,
        "percentage": 80.0,
        "priority": "High"
      },
      {
        "ministry": "Ministry of Agriculture",
        "demand": 2850000.0,
        "allocated": 2000000.0,
        "percentage": 70.2,
        "priority": "High"
      },
      {
        "ministry": "Ministry of Finance",
        "demand": 1200000.0,
        "allocated": 900000.0,
        "percentage": 75.0,
        "priority": "Medium"
      },
      {
        "ministry": "Ministry of Technology",
        "demand": 800000.0,
        "allocated": 700000.0,
        "percentage": 87.5,
        "priority": "Medium"
      }
    ],
    "preparedBy": "Budget Director - Moses Chanda",
    "approvedBy": null,
    "approvalDate": null,
    "notes": "Improved revenue allows increased allocations"
  },
  {
    "id": 16,
    "rationingPeriod": "Week 5 - January 2024",
    "periodStartDate": "2023-05-05T00:00:00",
    "periodEndDate": "2024-10-28T00:00:00",
    "fiscalYear": 2024,
    "quarter": "Q1",
    "totalRevenue": 10200000.0,
    "totalCashAvailable": 48950000.0,
    "totalDemand": 17850000.0,
    "totalAllocated": 15600000.0,
    "allocationPercentage": 87.4,
    "status": "Cancelled",
    "rationingReason": "Month-end allocation - improved revenue collection",
    "ministryAllocations": [
      {
        "ministry": "Ministry of Health",
        "demand": 4200000.0,
        "allocated": 4200000.0,
        "percentage": 100.0,
        "priority": "Critical"
      },
      {
        "ministry": "Ministry of Education",
        "demand": 3800000.0,
        "allocated": 3800000.0,
        "percentage": 100.0,
        "priority": "Critical"
      },
      {
        "ministry": "Ministry of Infrastructure",
        "demand": 5000000.0,
        "allocated": 4000000.0,
        "percentage": 80.0,
        "priority": "High"
      },
      {
        "ministry": "Ministry of Agriculture",
        "demand": 2850000.0,
        "allocated": 2000000.0,
        "percentage": 70.2,
        "priority": "High"
      },
      {
        "ministry": "Ministry of Finance",
        "demand": 1200000.0,
        "allocated": 900000.0,
        "percentage": 75.0,
        "priority": "Medium"
      },
      {
        "ministry": "Ministry of Technology",
        "demand": 800000.0,
        "allocated": 700000.0,
        "percentage": 87.5,
        "priority": "Medium"
      }
    ],
    "preparedBy": "Budget Director - Moses Chanda",
    "approvedBy": null,
    "approvalDate": null,
    "notes": "Improved revenue allows increased allocations"
  },
  {
    "id": 17,
    "rationingPeriod": "Week 5 - January 2024",
    "periodStartDate": "2023-11-01T00:00:00",
    "periodEndDate": "2024-12-27T00:00:00",
    "fiscalYear": 2024,
    "quarter": "Q1",
    "totalRevenue": 10200000.0,
    "totalCashAvailable": 48950000.0,
    "totalDemand": 17850000.0,
    "totalAllocated": 15600000.0,
    "allocationPercentage": 87.4,
    "status": "Posted",
    "rationingReason": "Month-end allocation - improved revenue collection",
    "ministryAllocations": [
      {
        "ministry": "Ministry of Health",
        "demand": 4200000.0,
        "allocated": 4200000.0,
        "percentage": 100.0,
        "priority": "Critical"
      },
      {
        "ministry": "Ministry of Education",
        "demand": 3800000.0,
        "allocated": 3800000.0,
        "percentage": 100.0,
        "priority": "Critical"
      },
      {
        "ministry": "Ministry of Infrastructure",
        "demand": 5000000.0,
        "allocated": 4000000.0,
        "percentage": 80.0,
        "priority": "High"
      },
      {
        "ministry": "Ministry of Agriculture",
        "demand": 2850000.0,
        "allocated": 2000000.0,
        "percentage": 70.2,
        "priority": "High"
      },
      {
        "ministry": "Ministry of Finance",
        "demand": 1200000.0,
        "allocated": 900000.0,
        "percentage": 75.0,
        "priority": "Medium"
      },
      {
        "ministry": "Ministry of Technology",
        "demand": 800000.0,
        "allocated": 700000.0,
        "percentage": 87.5,
        "priority": "Medium"
      }
    ],
    "preparedBy": "Budget Director - Moses Chanda",
    "approvedBy": null,
    "approvalDate": null,
    "notes": "Improved revenue allows increased allocations"
  },
  {
    "id": 18,
    "rationingPeriod": "Week 5 - January 2024",
    "periodStartDate": "2024-08-10T00:00:00",
    "periodEndDate": "2023-10-09T00:00:00",
    "fiscalYear": 2024,
    "quarter": "Q1",
    "totalRevenue": 10200000.0,
    "totalCashAvailable": 48950000.0,
    "totalDemand": 17850000.0,
    "totalAllocated": 15600000.0,
    "allocationPercentage": 87.4,
    "status": "Pending",
    "rationingReason": "Month-end allocation - improved revenue collection",
    "ministryAllocations": [
      {
        "ministry": "Ministry of Health",
        "demand": 4200000.0,
        "allocated": 4200000.0,
        "percentage": 100.0,
        "priority": "Critical"
      },
      {
        "ministry": "Ministry of Education",
        "demand": 3800000.0,
        "allocated": 3800000.0,
        "percentage": 100.0,
        "priority": "Critical"
      },
      {
        "ministry": "Ministry of Infrastructure",
        "demand": 5000000.0,
        "allocated": 4000000.0,
        "percentage": 80.0,
        "priority": "High"
      },
      {
        "ministry": "Ministry of Agriculture",
        "demand": 2850000.0,
        "allocated": 2000000.0,
        "percentage": 70.2,
        "priority": "High"
      },
      {
        "ministry": "Ministry of Finance",
        "demand": 1200000.0,
        "allocated": 900000.0,
        "percentage": 75.0,
        "priority": "Medium"
      },
      {
        "ministry": "Ministry of Technology",
        "demand": 800000.0,
        "allocated": 700000.0,
        "percentage": 87.5,
        "priority": "Medium"
      }
    ],
    "preparedBy": "Budget Director - Moses Chanda",
    "approvedBy": null,
    "approvalDate": null,
    "notes": "Improved revenue allows increased allocations"
  },
  {
    "id": 19,
    "rationingPeriod": "Week 5 - January 2024",
    "periodStartDate": "2024-04-17T00:00:00",
    "periodEndDate": "2024-06-02T00:00:00",
    "fiscalYear": 2024,
    "quarter": "Q1",
    "totalRevenue": 10200000.0,
    "totalCashAvailable": 48950000.0,
    "totalDemand": 17850000.0,
    "totalAllocated": 15600000.0,
    "allocationPercentage": 87.4,
    "status": "Approved",
    "rationingReason": "Month-end allocation - improved revenue collection",
    "ministryAllocations": [
      {
        "ministry": "Ministry of Health",
        "demand": 4200000.0,
        "allocated": 4200000.0,
        "percentage": 100.0,
        "priority": "Critical"
      },
      {
        "ministry": "Ministry of Education",
        "demand": 3800000.0,
        "allocated": 3800000.0,
        "percentage": 100.0,
        "priority": "Critical"
      },
      {
        "ministry": "Ministry of Infrastructure",
        "demand": 5000000.0,
        "allocated": 4000000.0,
        "percentage": 80.0,
        "priority": "High"
      },
      {
        "ministry": "Ministry of Agriculture",
        "demand": 2850000.0,
        "allocated": 2000000.0,
        "percentage": 70.2,
        "priority": "High"
      },
      {
        "ministry": "Ministry of Finance",
        "demand": 1200000.0,
        "allocated": 900000.0,
        "percentage": 75.0,
        "priority": "Medium"
      },
      {
        "ministry": "Ministry of Technology",
        "demand": 800000.0,
        "allocated": 700000.0,
        "percentage": 87.5,
        "priority": "Medium"
      }
    ],
    "preparedBy": "Budget Director - Moses Chanda",
    "approvedBy": null,
    "approvalDate": null,
    "notes": "Improved revenue allows increased allocations"
  },
  {
    "id": 20,
    "rationingPeriod": "Week 5 - January 2024",
    "periodStartDate": "2024-12-14T00:00:00",
    "periodEndDate": "2024-10-13T00:00:00",
    "fiscalYear": 2024,
    "quarter": "Q1",
    "totalRevenue": 10200000.0,
    "totalCashAvailable": 48950000.0,
    "totalDemand": 17850000.0,
    "totalAllocated": 15600000.0,
    "allocationPercentage": 87.4,
    "status": "Posted",
    "rationingReason": "Month-end allocation - improved revenue collection",
    "ministryAllocations": [
      {
        "ministry": "Ministry of Health",
        "demand": 4200000.0,
        "allocated": 4200000.0,
        "percentage": 100.0,
        "priority": "Critical"
      },
      {
        "ministry": "Ministry of Education",
        "demand": 3800000.0,
        "allocated": 3800000.0,
        "percentage": 100.0,
        "priority": "Critical"
      },
      {
        "ministry": "Ministry of Infrastructure",
        "demand": 5000000.0,
        "allocated": 4000000.0,
        "percentage": 80.0,
        "priority": "High"
      },
      {
        "ministry": "Ministry of Agriculture",
        "demand": 2850000.0,
        "allocated": 2000000.0,
        "percentage": 70.2,
        "priority": "High"
      },
      {
        "ministry": "Ministry of Finance",
        "demand": 1200000.0,
        "allocated": 900000.0,
        "percentage": 75.0,
        "priority": "Medium"
      },
      {
        "ministry": "Ministry of Technology",
        "demand": 800000.0,
        "allocated": 700000.0,
        "percentage": 87.5,
        "priority": "Medium"
      }
    ],
    "preparedBy": "Budget Director - Moses Chanda",
    "approvedBy": null,
    "approvalDate": null,
    "notes": "Improved revenue allows increased allocations"
  }
]